@book{bishop2006pattern,
  title={Pattern recognition and machine learning},
  author={Bishop, Christopher M and Nasrabadi, Nasser M},
  volume={4},
  year={2006},
  publisher={Springer}
}
@incollection{tal2013,
  title={A practical guide to entity resolution with OYSTER},
  author={Talburt, John R and Zhou, Yinle},
  booktitle={Handbook of Data Quality: Research and Practice},
  pages={235--270},
  year={2013},
  publisher={Springer}
}
@inproceedings{Qia17,
author = {Qian, Kun and Popa, Lucian and Prithviraj, Sen },
title = {Active learning for large-scale entity resolution},
booktitle={CIKM '17: Proceedings of the 2017 ACM on Conference on Information and Knowledge Management},
year = {2017},
pages = {1379-1388}
}
@inproceedings{Gri96,
author = {Grisham, Ralph and Sundheim, Beth M},
address = {Dusseldorf},
title = {Message understanding conference-6: A brief history.},
year = {1996}
}
@book{Coo66,
author = {Cook, Desmond Lawrence},
title = {Program evaluation and review technique: Applications in education},
year = {1966},
publisher = {US Department of health, education, and welfare, Office of education}
}
@inproceedings{Liu19,
author = {Liu, Qinguo and Liu, Shui and Liu, Lemao and Xiao, Bo },
address = {Shanghai},
title = {2019 International Conference on Asian Language Processing (IALP)},
year = {2019}
}
@article{Li2020,
author = {Li, Bing and Wang, Wei and Sun, Yifang and Zhang, Linhan and Ali, Muhammad Asif and Wang, Yi },
title = {GraphER: Token-Centric Entity Resolution with Graph Convolutional Neural Networks},
journal = {Proceedings of the AAAI Conference on Artificial Intelligence},
year = {2020}
}
@article{Kon19,
author = {Kong, Chao and Gao, Ming and Xu, Chen and Fu, Yunbin and Qian, Weining and Zhou, Aoying },
title = {EnAli: entity alignment across multiple heterogeneous data sources},
journal = {Frontiers of Computer Science},
year = {2019},
volume = {13},
pages = {157-169}
}
@inproceedings{Goga2015,
  title={On the reliability of profile matching across large online social networks},
  author={Goga, Oana and Loiseau, Patrick and Sommer, Robin and Teixeira, Renata and Gummadi, Krishna P},
  booktitle={Proceedings of the 21th ACM SIGKDD international conference on knowledge discovery and data mining},
  pages={1799--1808},
  year={2015}
}
@article{Che20,
author = {Chen, Zhe and Wang, Yuehan and Zhao, Bin and Cheng, Jing and Zhao, Xin and Duan, Zongtao },
title = {Knowledge Graph Completion: A Review},
journal = {IEEE Access},
year = {2020},
volume = {8},
pages = {192435-192456}
}
@article{Men10,
  title={Evaluating entity resolution results},
  author={Menestrina, David and Whang, Steven Euijong and Garcia-Molina, Hector},
  journal={Proceedings of the VLDB Endowment},
  volume={3},
  number={1-2},
  pages={208--219},
  year={2010},
  publisher={VLDB Endowment}
}
@article{Weis2006,
author = {Weis, Melanie and Naumann, Felix and Brosy, Franziska },
title = {A Duplicate Detection Benchmark for XML ( and Relational ) Data},
year = {2006}
}
@book{Bei95,
author = {Beizer, Boris },
address = {New York},
title = {Black-box testing: techniques for functional testing of software and systems},
year = {1995},
publisher = {John Wiley & Sons, Inc.}
}
@article{Xin22,
author = {Xing, Liu and Huiqin, Chen and Wangui, Xia },
title = {Overview of Named Entity Recognition},
journal = {Journal of Contemporary Educational Research},
year = {2022},
volume = {6}
}
@inproceedings{Tan2020,
author = {Tan, Qiaoyu and Liu, Ninghao and Zhao, Xing and Yang, Hongxia and Zhou, Jingren and Hu, Xia },
title = {Learning to Hash with Graph Neural Networks for Recommender Systems},
year = {2020},
pages = {1988â€“1998}
}
@article{Xiao2008,
author = {Xiao, Chuan and Wang, Wei and Lin, Xuemin and Yu, J. },
title = {Efficient similarity joins for near duplicate detection},
year = {2008}
}
@article{Mai12,
author = {Maidasani, Hitesh and Namata, Galileo and Huang, Bert and Getoor, Lise },
title = {Entity Resolution Evaluation Measures},
journal = {University of Maryland, Tech. Rep.},
year = {2012}
}
@inproceedings{Tri19,
author = {Trisedya, Bayu Distiawan and Qi, Jianzhong and Zhang, Rui },
address = {Honolulu},
title = {Entity alignment between knowledge graphs using attribute embeddings},
year = {2019}
}

@article{ppjoin,
  title={Efficient similarity joins for near-duplicate detection},
  author={Xiao, Chuan and Wang, Wei and Lin, Xuemin and Yu, Jeffrey Xu and Wang, Guoren},
  journal={ACM Transactions on Database Systems (TODS)},
  volume={36},
  number={3},
  pages={1--41},
  year={2011},
  publisher={ACM New York, NY, USA}
}

@inproceedings{alhelbawy2014,
    title = "Collective Named Entity Disambiguation using Graph Ranking and Clique Partitioning Approaches",
    author = "Alhelbawy, Ayman  and
      Gaizauskas, Robert",
    editor = "Tsujii, Junichi  and
      Hajic, Jan",
    booktitle = "Proceedings of {COLING} 2014, the 25th International Conference on Computational Linguistics: Technical Papers",
    month = "Aug",
    year = "2014",
    address = "Dublin, Ireland",
    publisher = "Dublin City University and Association for Computational Linguistics",
    url = "https://aclanthology.org/C14-1147",
    pages = "1544--1555",
}