@article{Pap19,
  title={Blocking and filtering techniques for entity resolution: A survey},
  author={Papadakis, George and Skoutas, Dimitrios and Thanos, Emmanouil and Palpanas, Themis},
  journal={ACM Computing Surveys (CSUR)},
  volume={53},
  number={2},
  pages={1--42},
  year={2020},
  publisher={ACM New York, NY, USA}
}
@inproceedings{Chen09,
  title={Exploiting context analysis for combining multiple entity resolution systems},
  author={Chen, Zhaoqi and Kalashnikov, Dmitri V and Mehrotra, Sharad},
  booktitle={Proceedings of the 2009 ACM SIGMOD International Conference on Management of data},
  pages={207--218},
  year={2009}
}
@book{ash2012it,
  title={Information theory},
  author={Ash, Robert B},
  year={2012},
  publisher={Courier Corporation}
}

@misc{expdata2023,
  title={Experiment Data},
  author={Andrei Olar},
  year={2023},
  howpublished="\url{https://github.com/matchescu/experiment-data}",
  note={Online; accessed 25.10.2023},
}
