@article{whangmolina2013,
  title={Joint entity resolution on multiple datasets},
  author={Whang, Steven Euijong and Garcia-Molina, Hector},
  journal={The VLDB journal},
  volume={22},
  pages={773--795},
  year={2013},
  publisher={Springer}
}

@article{fs1969,
author = {Fellegi, Ivan P and Sunter, Alan B},
title = {A Theory for Record Linkage},
journal = {Journal of the American Statistical Association},
year = {1969},
volume = {64},
pages = {1183-1210}
}

@article{winkler1990,
  title={String comparator metrics and enhanced decision rules in the Fellegi-Sunter model of record linkage.},
  author={Winkler, William E},
  year={1990},
  publisher={ERIC}
}

@book{Tal11,
  title={Entity resolution and information quality},
  author={Talburt, John R},
  year={2011},
  publisher={Elsevier}
}

@article{Ben2009Swoosh,
  title={Swoosh: a generic approach to entity resolution},
  author={Benjelloun, Omar and Garcia-Molina, Hector and Menestrina, David and Su, Qi and Whang, Steven Euijong and Widom, Jennifer},
  journal={The VLDB Journal},
  volume={18},
  pages={255--276},
  year={2009},
  publisher={Springer}
}

# systems
@article{febrl2002,
author = {Christen, P. and Churches, T. },
title = {Febrl - Freely extensible biomedical record linkage},
journal = {The Australian National University - Technical Report},
year = {2002},
publisher={The Australian National University}
}

@article{fever2009,
  title={Comparative evaluation of entity resolution approaches with fever},
  author={K{\"o}pcke, Hanna and Thor, Andreas and Rahm, Erhard},
  journal={Proceedings of the VLDB Endowment},
  volume={2},
  number={2},
  pages={1574--1577},
  year={2009},
  publisher={VLDB Endowment}
}

@article{vldb2010,
  title={Evaluation of entity resolution approaches on real-world match problems},
  author={K{\"o}pcke, Hanna and Thor, Andreas and Rahm, Erhard},
  journal={Proceedings of the VLDB Endowment},
  volume={3},
  number={1-2},
  pages={484--493},
  year={2010},
  publisher={VLDB Endowment}
}

@misc{oyster2012,
  author = {University of Arkansas Little Rock, ERIQ},
  title = {OYSTER},
  year = 2012,
  howpublished = {\url{https://bitbucket.org/oysterer/oyster/src/master/README.md}},
  note = {accessed 2023-09-22}
}

@misc{papwithcode2019,
  author = {Meta AI},
  title = {Papers With Code},
  year = 2019,
  howpublished = {\url{https://paperswithcode.com/about}},
  note = {accessed 2023-09-22}
}

@inproceedings{jedai2017,
  title={Jedai: The force behind entity resolution},
  author={Papadakis, George and Tsekouras, Leonidas and Thanos, Emmanouil and Giannakopoulos, George and Palpanas, Themis and Koubarakis, Manolis},
  booktitle={The Semantic Web: ESWC 2017 Satellite Events: ESWC 2017 Satellite Events, Portoro{\v{z}}, Slovenia, May 28--June 1, 2017, Revised Selected Papers 14},
  pages={161--166},
  year={2017},
  organization={Springer}
}

@article{magellan2020,
  title={Magellan: toward building ecosystems of entity matching solutions},
  author={Doan, AnHai and Konda, Pradap and Suganthan GC, Paul and Govind, Yash and Paulsen, Derek and Chandrasekhar, Kaushik and Martinkus, Philip and Christie, Matthew},
  journal={Communications of the ACM},
  volume={63},
  number={8},
  pages={83--91},
  year={2020},
  publisher={ACM New York, NY, USA}
}

@article{deepm2020,
  title={Deep entity matching with pre-trained language models},
  author={Li, Yuliang and Li, Jinfeng and Suhara, Yoshihiko and Doan, AnHai and Tan, Wang-Chiew},
  journal={arXiv preprint arXiv:2004.00584},
  year={2020}
}

@article{hitesh2012,
  title={Entity resolution evaluation measures},
  author={Maidasani, Hitesh and Namata, Galileo and Huang, Bert and Getoor, Lise},
  journal={University of Maryland, Tech. Rep.},
  year={2012}
}