@inproceedings{kobayashi2018entity,
  title={Entity resolution using logistic regression as an extension to the rule-based oyster system},
  author={Kobayashi, Fumiko and Eram, Aziz and Talburt, John},
  booktitle={2018 IEEE Conference on Multimedia Information Processing and Retrieval (MIPR)},
  pages={146--151},
  year={2018},
  organization={IEEE}
}
@article{ye2018effect,
  title={The effect of transitive closure on the calibration of logistic regression for entity resolution},
  author={Ye, Yumeng and Talburt, John},
  journal={Journal of Information Technology Management},
  volume={10},
  number={4},
  pages={1--11},
  year={2018},
  publisher={Faculty of Management, University of Tehran}
}
@article{efremova2015multi,
  title={Multi-source entity resolution for genealogical data},
  author={Efremova, Julia and Ranjbar-Sahraei, Bijan and Rahmani, Hossein and Oliehoek, Frans A and Calders, Toon and Tuyls, Karl and Weiss, Gerhard},
  journal={Population reconstruction},
  pages={129--154},
  year={2015},
  publisher={Springer}
}
@inproceedings{steorts2018generalized,
  title={Generalized Bayesian record linkage and regression with exact error propagation},
  author={Steorts, Rebecca C and Tancredi, Andrea and Liseo, Brunero},
  booktitle={Privacy in Statistical Databases: UNESCO Chair in Data Privacy, International Conference, PSD 2018, Valencia, Spain, September 26--28, 2018, Proceedings},
  pages={297--313},
  year={2018},
  organization={Springer}
}
@techreport{peruzzi2014remerge,
  title={Remerge: regression-based record linkage with an application to PATSTAT},
  author={Peruzzi, Michele and Zachmann, Georg and Veugelers, Reinhilde},
  year={2014},
  institution={Bruegel Working Paper}
}