@book{manning2008,
  title={Introduction to information retrieval},
  author={Sch{\"u}tze, Hinrich and Manning, Christopher D and Raghavan, Prabhakar},
  volume={39},
  year={2008},
  publisher={Cambridge University Press Cambridge}
}

@article{Pap19,
  title={Blocking and filtering techniques for entity resolution: A survey},
  author={Papadakis, George and Skoutas, Dimitrios and Thanos, Emmanouil and Palpanas, Themis},
  journal={ACM Computing Surveys (CSUR)},
  volume={53},
  number={2},
  pages={1--42},
  year={2020},
  publisher={ACM New York, NY, USA}
}
@inproceedings{Chen09,
  title={Exploiting context analysis for combining multiple entity resolution systems},
  author={Chen, Zhaoqi and Kalashnikov, Dmitri V and Mehrotra, Sharad},
  booktitle={Proceedings of the 2009 ACM SIGMOD International Conference on Management of data},
  pages={207--218},
  year={2009}
}
@book{ash2012it,
  title={Information theory},
  author={Ash, Robert B},
  year={2012},
  publisher={Courier Corporation}
}

@misc{expdata2023,
  title={Experiment Data},
  author={Experiment Data}},
  year={2023},
  howpublished="\url{https://github.com/matchescu/experiment-data}",
  note={Online; accessed 25.10.2023},
}

@misc{matchescu,
  author = {Andrei Olar},
  title = {matchescu-cli},
  year = {2023},
  publisher = {GitHub},
  journal = {GitHub repository},
  howpublished = {\url{https://github.com/matchescu/cli}},
  commit = {ef599359648a35fb2bfd784568b2e47dd2cb08fc}
}


@article{finley1996,
  title={The Finley affair: A signal event in the history of forecast verification},
  author={Murphy, Allan H},
  journal={Weather and forecasting},
  volume={11},
  number={1},
  pages={3--20},
  year={1996}
}

@article{jaccard1912,
  title={The distribution of the flora in the alpine zone. 1},
  author={Jaccard, Paul},
  journal={New phytologist},
  volume={11},
  number={2},
  pages={37--50},
  year={1912},
  publisher={Wiley Online Library}
}

@book{hoffman1971linear,
  title={Linear algebra},
  author={Hoffman, Kenneth},
  year={1971}
}

@book{halmos1960naive,
  title={Naive set theory},
  author={Halmos, Paul Richard},
  year={1960},
  publisher={van Nostrand}
}

@article{warrens2022understanding,
  title={Understanding the adjusted rand index and other partition comparison indices based on counting object pairs},
  author={Warrens, Matthijs J and van der Hoef, Hanneke},
  journal={Journal of Classification},
  volume={39},
  number={3},
  pages={487--509},
  year={2022},
  publisher={Springer}
}

@inproceedings{huang2006efficient,
  title={Efficient name disambiguation for large-scale databases},
  author={Huang, Jian and Ertekin, Seyda and Giles, C Lee},
  booktitle={European conference on principles of data mining and knowledge discovery},
  pages={536--544},
  year={2006},
  organization={Springer}
}
