@article{whangmolina2013,
  title={Joint entity resolution on multiple datasets},
  author={Whang, Steven Euijong and Garcia-Molina, Hector},
  journal={The VLDB journal},
  volume={22},
  pages={773--795},
  year={2013},
  publisher={Springer}
}

@article{newcombe1959,
  author = {H. B. Newcombe  and J. M. Kennedy  and S. J. Axford  and A. P. James },
  title = {Automatic Linkage of Vital Records},
  journal = {Science},
  volume = {130},
  number = {3381},
  pages = {954-959},
  year = {1959},
  doi = {10.1126/science.130.3381.954},
  URL = {https://www.science.org/doi/abs/10.1126/science.130.3381.954},
  eprint = {https://www.science.org/doi/pdf/10.1126/science.130.3381.954}
}

@article{winkler2014,
author = {Winkler, William E.},
title = {Matching and record linkage},
journal = {WIREs Computational Statistics},
volume = {6},
number = {5},
pages = {313-325},
keywords = {entity resolution, classification rules, string comparison, false match and nonmatch rates, unsupervised learning},
doi = {https://doi.org/10.1002/wics.1317},
url = {https://wires.onlinelibrary.wiley.com/doi/abs/10.1002/wics.1317},
eprint = {https://wires.onlinelibrary.wiley.com/doi/pdf/10.1002/wics.1317},
abstract = {This overview gives background on a number of statistical methods that have been proven effective for record linkage. To prepare data for the main computational algorithms, we need parsing/standardization that allows us to structure the free-form names, addresses, and other fields into corresponding components. The main parameter-estimation methods are unsupervised methods that yield ‘optimal’ record linkage parameters. Extended methods provide estimates of false match rates in both unsupervised and, with greater accuracy, in semi-supervised situations. Finally, the paper describes ongoing research for adjusting standard statistical analyses for linkage error. WIREs Comput Stat 2014, 6:313–325. doi: 10.1002/wics.1317 This article is categorized under: Statistical and Graphical Methods of Data Analysis > EM Algorithm Algorithms and Computational Methods > Seminumerical and Nonnumerical Methods Data: Types and Structure > Data Preparation and Processing Statistical and Graphical Methods of Data Analysis > Markov Chain Monte Carlo (MCMC)},
year = {2014}
}


@article{jaro1989advances,
  title={Advances in record-linkage methodology as applied to matching the 1985 census of Tampa, Florida},
  author={Jaro, Matthew A},
  journal={Journal of the American Statistical Association},
  volume={84},
  number={406},
  pages={414--420},
  year={1989},
  publisher={Taylor \& Francis}
}



@article{fs1969,
author = {Fellegi, Ivan P and Sunter, Alan B},
title = {A Theory for Record Linkage},
journal = {Journal of the American Statistical Association},
year = {1969},
volume = {64},
pages = {1183-1210}
}

@article{winkler1990,
  title={String comparator metrics and enhanced decision rules in the Fellegi-Sunter model of record linkage.},
  author={Winkler, William E},
  year={1990},
  publisher={ERIC},
  journal={Non-Journal}
}

@book{Tal11,
  title={Entity resolution and information quality},
  author={Talburt, John R},
  year={2011},
  publisher={Elsevier}
}

@incollection{tal2007algebraic,
  title={An algebraic approach to data quality metrics for entity resolution over large datasets},
  author={Talburt, John and Wang, Richard and Hess, Kimberly and Kuo, Emily},
  booktitle={Information quality management: Theory and applications},
  pages={1--22},
  year={2007},
  publisher={IGI Global}
}

@article{Ben2009Swoosh,
  title={Swoosh: a generic approach to entity resolution},
  author={Benjelloun, Omar and Garcia-Molina, Hector and Menestrina, David and Su, Qi and Whang, Steven Euijong and Widom, Jennifer},
  journal={The VLDB Journal},
  volume={18},
  pages={255--276},
  year={2009},
  publisher={Springer}
}

# systems
@article{febrl2002,
author = {Christen, P. and Churches, T. },
title = {Febrl - Freely extensible biomedical record linkage},
journal = {The Australian National University - Technical Report},
year = {2002},
publisher={The Australian National University}
}

@article{fever2009,
  title={Comparative evaluation of entity resolution approaches with fever},
  author={K{\"o}pcke, Hanna and Thor, Andreas and Rahm, Erhard},
  journal={Proceedings of the VLDB Endowment},
  volume={2},
  number={2},
  pages={1574--1577},
  year={2009},
  publisher={VLDB Endowment}
}

@article{vldb2010,
  title={Evaluation of entity resolution approaches on real-world match problems},
  author={K{\"o}pcke, Hanna and Thor, Andreas and Rahm, Erhard},
  journal={Proceedings of the VLDB Endowment},
  volume={3},
  number={1-2},
  pages={484--493},
  year={2010},
  publisher={VLDB Endowment}
}

@misc{oyster2012,
  author = {University of Arkansas Little Rock, ERIQ},
  title = {OYSTER},
  year = 2012,
  howpublished = {\url{https://bitbucket.org/oysterer/oyster/src/master/README.md}},
  note = {accessed 2023-09-22}
}

@misc{ereval,
  author = {paulboosz},
  title = {entity-resolution-evaluation},
  year = 2018,
  howpublished = {\url{https://github.com/entrepreneur-interet-general/entity-resolution-evaluation/README.md}},
  note = {accessed 2023-09-22}

}

@misc{papwithcode2019,
  author = {Meta AI},
  title = {Papers With Code},
  year = 2019,
  howpublished = {\url{https://paperswithcode.com/about}},
  note = {accessed 2023-09-22}
}

@inproceedings{jedai2017,
  title={Jedai: The force behind entity resolution},
  author={Papadakis, George and Tsekouras, Leonidas and Thanos, Emmanouil and Giannakopoulos, George and Palpanas, Themis and Koubarakis, Manolis},
  booktitle={The Semantic Web: ESWC 2017 Satellite Events: ESWC 2017 Satellite Events, Portoro{\v{z}}, Slovenia, May 28--June 1, 2017, Revised Selected Papers 14},
  pages={161--166},
  year={2017},
  organization={Springer}
}

@article{magellan2020,
  title={Magellan: toward building ecosystems of entity matching solutions},
  author={Doan, AnHai and Konda, Pradap and Suganthan GC, Paul and Govind, Yash and Paulsen, Derek and Chandrasekhar, Kaushik and Martinkus, Philip and Christie, Matthew},
  journal={Communications of the ACM},
  volume={63},
  number={8},
  pages={83--91},
  year={2020},
  publisher={ACM New York, NY, USA}
}

@article{deepm2020,
  title={Deep entity matching with pre-trained language models},
  author={Li, Yuliang and Li, Jinfeng and Suhara, Yoshihiko and Doan, AnHai and Tan, Wang-Chiew},
  journal={arXiv preprint arXiv:2004.00584},
  year={2020}
}

@article{hitesh2012,
  title={Entity resolution evaluation measures},
  author={Maidasani, Hitesh and Namata, Galileo and Huang, Bert and Getoor, Lise},
  journal={University of Maryland, Tech. Rep.},
  year={2012}
}

@article{rand1971,
  title={Objective criteria for the evaluation of clustering methods},
  author={Rand, William M},
  journal={Journal of the American Statistical association},
  volume={66},
  number={336},
  pages={846--850},
  year={1971},
  publisher={Taylor \& Francis}
}

@article{adjrand2001,
  title={Details of the adjusted rand index and clustering algorithms, supplement to the paper an empirical study on principal component analysis for clustering gene expression data},
  author={Yeung, Ka Yee and Ruzzo, Walter L},
  journal={Bioinformatics},
  volume={17},
  number={9},
  pages={763--774},
  year={2001},
  publisher={Citeseer}
}

@article{adjrand1985,
  title={Comparing partitions},
  author={Hubert, Lawrence and Arabie, Phipps},
  journal={Journal of classification},
  volume={2},
  pages={193--218},
  year={1985},
  publisher={Springer}
}

@article{nmeth2020scipy,
  author  = {Virtanen, Pauli and Gommers, Ralf and Oliphant, Travis E. and
            Haberland, Matt and Reddy, Tyler and Cournapeau, David and
            Burovski, Evgeni and Peterson, Pearu and Weckesser, Warren and
            Bright, Jonathan and {van der Walt}, St{\'e}fan J. and
            Brett, Matthew and Wilson, Joshua and Millman, K. Jarrod and
            Mayorov, Nikolay and Nelson, Andrew R. J. and Jones, Eric and
            Kern, Robert and Larson, Eric and Carey, C J and
            Polat, {\.I}lhan and Feng, Yu and Moore, Eric W. and
            {VanderPlas}, Jake and Laxalde, Denis and Perktold, Josef and
            Cimrman, Robert and Henriksen, Ian and Quintero, E. A. and
            Harris, Charles R. and Archibald, Anne M. and
            Ribeiro, Ant{\^o}nio H. and Pedregosa, Fabian and
            {van Mulbregt}, Paul and {SciPy 1.0 Contributors}},
  title   = {{{SciPy} 1.0: Fundamental Algorithms for Scientific
            Computing in Python}},
  journal = {Nature Methods},
  year    = {2020},
  volume  = {17},
  pages   = {261--272},
  adsurl  = {https://rdcu.be/b08Wh},
  doi     = {10.1038/s41592-019-0686-2},
}

@article{eager2021,
  title={EAGER: embedding-assisted entity resolution for knowledge graphs},
  author={Obraczka, Daniel and Schuchart, Jonathan and Rahm, Erhard},
  journal={arXiv preprint arXiv:2101.06126},
  year={2021}
}

@article{harris2020numpy,
 title         = {Array programming with {NumPy}},
 author        = {Charles R. Harris and K. Jarrod Millman and St{\'{e}}fan J.
                 van der Walt and Ralf Gommers and Pauli Virtanen and David
                 Cournapeau and Eric Wieser and Julian Taylor and Sebastian
                 Berg and Nathaniel J. Smith and Robert Kern and Matti Picus
                 and Stephan Hoyer and Marten H. van Kerkwijk and Matthew
                 Brett and Allan Haldane and Jaime Fern{\'{a}}ndez del
                 R{\'{i}}o and Mark Wiebe and Pearu Peterson and Pierre
                 G{\'{e}}rard-Marchant and Kevin Sheppard and Tyler Reddy and
                 Warren Weckesser and Hameer Abbasi and Christoph Gohlke and
                 Travis E. Oliphant},
 year          = {2020},
 month         = sep,
 journal       = {Nature},
 volume        = {585},
 number        = {7825},
 pages         = {357--362},
 doi           = {10.1038/s41586-020-2649-2},
 publisher     = {Springer Science and Business Media {LLC}},
 url           = {https://doi.org/10.1038/s41586-020-2649-2}
}