@software{pandas2023,
    author       = {The pandas development team},
    title        = {pandas-dev/pandas: Pandas (v2.1.1)},
    month        = feb,
    year         = 2023,
    publisher    = {Zenodo},
    version      = {latest},
    doi          = {10.5281/zenodo.3509134},
    url          = {https://doi.org/10.5281/zenodo.3509134}
}