@inproceedings{Qia17,
author = {Qian, Kun and Popa, Lucian and Prithviraj, Sen },
title = {Active learning for large-scale entity resolution},
year = {2017},
pages = {1379-1388}
}
@inproceedings{Gri96,
author = {Grisham, Ralph and Sundheim, Beth M},
address = {Dusseldorf},
title = {Message understanding conference-6: A brief history.},
year = {1996}
}
@article{Fel69,
author = {Fellegi, Ivan P and Sunter, Alan B},
title = {A Theory for Record Linkage},
journal = {Journal of the American Statistical Association},
year = {1969},
volume = {64},
pages = {1183-1210}
}
@book{Coo66,
author = {Cook, Desmond Lawrence},
title = {Program evaluation and review technique: Applications in education},
year = {1966},
publisher = {US Department of health, education, and welfare, Office of education}
}
@inproceedings{Liu19,
author = {Liu, Qinguo and Liu, Shui and Liu, Lemao and Xiao, Bo },
address = {Shanghai},
title = {2019 International Conference on Asian Language Processing (IALP)},
year = {2019}
}
@article{Li2020,
author = {Li, Bing and Wang, Wei and Sun, Yifang and Zhang, Linhan and Ali, Muhammad Asif and Wang, Yi },
title = {GraphER: Token-Centric Entity Resolution with Graph Convolutional Neural Networks},
year = {2020}
}
@article{Kon19,
author = {Kong, Chao and Gao, Ming and Xu, Chen and Fu, Yunbin and Qian, Weining and Zhou, Aoying },
title = {EnAli: entity alignment across multiple heterogeneous data sources},
journal = {Frontiers of Computer Science},
year = {2019},
volume = {13},
pages = {157-169}
}
@inproceedings{Goga2015,
author = {Goga, Oana and Loiseau, Patrick and Sommer, Robin and Teixeira, Renata and Gummandi, Krishna P.},
address = {Sydney},
title = {On the Reliability of Profile Matching Across Large Online Social Networks},
year = {2015}
}
@article{Che20,
author = {Chen, Zhe and Wang, Yuehan and Zhao, Bin and Cheng, Jing and Zhao, Xin and Duan, Zongtao },
title = {Knowledge Graph Completion: A Review},
journal = {IEEE Access},
year = {2020},
volume = {8},
pages = {192435-192456}
}
@inproceedings{Men10,
author = {Menestrina, David and Whang, Steven Euijong and Garcia-Molina, H. },
title = {Evaluating entity resolution results},
year = {2010}
}
@inproceedings{Kop101,
author = {Kopcke, Hanna and Thor, Andreas and Rahm, Erhard },
address = {Singapore},
title = {Comparative evaluation of entity resolution approaches with fever},
year = {2009}
}
@article{Christen2002,
author = {Christen, P. and Churches, T. },
title = {Febrl - Freely extensible biomedical record linkage},
year = {2002}
}
@article{Weis2006,
author = {Weis, Melanie and Naumann, Felix and Brosy, Franziska },
title = {A Duplicate Detection Benchmark for XML ( and Relational ) Data},
year = {2006}
}
@book{Bei95,
author = {Beizer, Boris },
address = {New York},
title = {Black-box testing: techniques for functional testing of software and systems},
year = {1995},
publisher = {John Wiley & Sons, Inc.}
}
@article{Xin22,
author = {Xing, Liu and Huiqin, Chen and Wangui, Xia },
title = {Overview of Named Entity Recognition},
journal = {Journal of Contemporary Educational Research},
year = {2022},
volume = {6}
}
@inproceedings{Tan2020,
author = {Tan, Qiaoyu and Liu, Ninghao and Zhao, Xing and Yang, Hongxia and Zhou, Jingren and Hu, Xia },
title = {Learning to Hash with Graph Neural Networks for Recommender Systems},
year = {2020},
pages = {1988â€“1998}
}
@article{Xiao2008,
author = {Xiao, Chuan and Wang, Wei and Lin, Xuemin and Yu, J. },
title = {Efficient similarity joins for near duplicate detection},
year = {2008}
}
@article{Pap19,
author = {Papadakis, George and Skoutas, Dimitrios and Thanos, Emmanouil and Palpanas, Themis },
title = {A survey of blocking and filtering techniques for entity resolution},
journal = {arXiv preprint arXiv:1905.06167},
year = {2019}
}
@article{Mai12,
author = {Maidasani, Hitesh and Namata, Galileo and Huang, Bert and Getoor, Lise },
title = {Entity Resolution Evaluation Measures},
journal = {University of Maryland, Tech. Rep.},
year = {2012}
}
@inproceedings{Tri19,
author = {Trisedya, Bayu Distiawan and Qi, Jianzhong and Zhang, Rui },
address = {Honolulu},
title = {Entity alignment between knowledge graphs using attribute embeddings},
year = {2019}
}